<record><leader>00000cas a2200000 i 4500</leader><controlfield tag="001">893981595</controlfield><controlfield tag="006">m     o  d        </controlfield><controlfield tag="007">cr |||||||||||</controlfield><controlfield tag="008">141029d18591864nmuwr neo     0   a0eng  </controlfield><datafield ind1=" " ind2=" " tag="010"><subfield code="a">  2014218721</subfield></datafield><datafield ind1=" " ind2=" " tag="040"><subfield code="a">DLC</subfield><subfield code="b">eng</subfield><subfield code="e">rda</subfield><subfield code="c">DLC</subfield><subfield code="d">DLC</subfield></datafield><datafield ind1="0" ind2=" " tag="022"><subfield code="a">2375-754X</subfield><subfield code="2">1</subfield></datafield><datafield ind1=" " ind2=" " tag="042"><subfield code="a">pcc</subfield><subfield code="a">nsdp</subfield></datafield><datafield ind1=" " ind2=" " tag="043"><subfield code="a">n-us-nm</subfield></datafield><datafield ind1="1" ind2="0" tag="050"><subfield code="a">ISSN RECORD</subfield></datafield><datafield ind1="0" ind2="0" tag="082"><subfield code="a">071</subfield><subfield code="2">23</subfield></datafield><datafield ind1="0" ind2=" " tag="130"><subfield code="a">Santa Fe gazette (1859)</subfield></datafield><datafield ind1=" " ind2="0" tag="222"><subfield code="a">Santa Fe gazette</subfield><subfield code="b">(1859. Online)</subfield></datafield><datafield ind1="1" ind2="0" tag="245"><subfield code="a">Santa Fe gazette.</subfield></datafield><datafield ind1="3" ind2="1" tag="246"><subfield code="a">Gazeta semanaria de Santa Fe</subfield></datafield><datafield ind1="3" ind2="1" tag="246"><subfield code="a">Gazeta de Santa Fe</subfield></datafield><datafield ind1=" " ind2="1" tag="264"><subfield code="a">Santa Fe, New Mexico :</subfield><subfield code="b">James L. Collins</subfield></datafield><datafield ind1=" " ind2=" " tag="300"><subfield code="a">1 online resource</subfield></datafield><datafield ind1=" " ind2=" " tag="310"><subfield code="a">Weekly</subfield></datafield><datafield ind1=" " ind2=" " tag="336"><subfield code="a">text</subfield><subfield code="b">txt</subfield><subfield code="2">rdacontent</subfield></datafield><datafield ind1=" " ind2=" " tag="337"><subfield code="a">computer</subfield><subfield code="b">c</subfield><subfield code="2">rdamedia</subfield></datafield><datafield ind1=" " ind2=" " tag="338"><subfield code="a">online resource</subfield><subfield code="b">cr</subfield><subfield code="2">rdacarrier</subfield></datafield><datafield ind1="1" ind2=" " tag="362"><subfield code="a">Began in 1859; ceased with volume VI, number 14, new series (Septemberr 17, 1864).</subfield></datafield><datafield ind1=" " ind2=" " tag="500"><subfield code="a">Title varies slightly.</subfield></datafield><datafield ind1=" " ind2=" " tag="500"><subfield code="a">Issues for &lt;1860-1864&gt; have Spanish parallel title: Gazeta [i.e. gaceta] semanaria de Santa Fe.</subfield></datafield><datafield ind1=" " ind2=" " tag="500"><subfield code="a">Issue for May 28, 1864 has Spanish parallel title: Gazeta [i.e. gaceta] de Santa Fe.</subfield></datafield><datafield ind1=" " ind2=" " tag="500"><subfield code="a">Publisher: Hezekiah S. Johnson, &lt;March 19, 1859&gt;.</subfield></datafield><datafield ind1=" " ind2=" " tag="530"><subfield code="a">Also on microfilm: El Paso, Tex. : Southwest Micropublishing, Inc.</subfield></datafield><datafield ind1=" " ind2=" " tag="546"><subfield code="a">In English and Spanish.</subfield></datafield><datafield ind1=" " ind2=" " tag="588"><subfield code="a">Description based on: Volume II, number 9 (July 3, 1860); title from masthead (Chroniclingamerica.loc.gov, viewed October 29, 2014).</subfield></datafield><datafield ind1=" " ind2=" " tag="588"><subfield code="a">Latest issue consulted: Volume VI, number 14, new series (Septemberr 17, 1864) (Chroniclingamerica.loc.gov, viewed October 29, 2014).</subfield></datafield><datafield ind1=" " ind2="0" tag="651"><subfield code="a">Santa Fe (N.M.)</subfield><subfield code="v">Newspapers.</subfield></datafield><datafield ind1=" " ind2="0" tag="651"><subfield code="a">Santa Fe County (N.M.)</subfield><subfield code="v">Newspapers.</subfield></datafield><datafield ind1=" " ind2="7" tag="651"><subfield code="a">New Mexico</subfield><subfield code="z">Santa Fe.</subfield><subfield code="2">fast</subfield><subfield code="0">(OCoLC)fst01205208</subfield></datafield><datafield ind1=" " ind2="7" tag="651"><subfield code="a">New Mexico</subfield><subfield code="z">Santa Fe County.</subfield><subfield code="2">fast</subfield><subfield code="0">(OCoLC)fst01216898</subfield></datafield><datafield ind1=" " ind2="7" tag="655"><subfield code="a">Newspapers.</subfield><subfield code="2">fast</subfield><subfield code="0">(OCoLC)fst01423814</subfield></datafield><datafield ind1=" " ind2=" " tag="752"><subfield code="a">United States</subfield><subfield code="b">New Mexico</subfield><subfield code="c">Santa Fe</subfield><subfield code="d">Santa Fe.</subfield></datafield><datafield ind1="0" ind2="8" tag="776"><subfield code="i">Originally issued in print:</subfield><subfield code="t">Santa Fe gazette (1859)</subfield><subfield code="x">2375-7531</subfield><subfield code="w">(DLC)sn 88071076</subfield><subfield code="w">(OCoLC)17756262</subfield></datafield><datafield ind1="0" ind2="0" tag="780"><subfield code="t">Santa Fe weekly gazette (1855)</subfield><subfield code="x">2375-7515</subfield><subfield code="w">(DLC)  2014218720</subfield><subfield code="w">(OCoLC)893981292</subfield></datafield><datafield ind1="0" ind2="0" tag="785"><subfield code="t">Santa Fe weekly gazette (1864)</subfield><subfield code="x">2375-7590</subfield><subfield code="w">(DLC)  2014218722</subfield><subfield code="w">(OCoLC)893982022</subfield></datafield><datafield ind1="4" ind2="0" tag="856"><subfield code="u">http://www.loc.gov/chroniclingamerica/lccn/sn88071076/issues</subfield></datafield></record>